<record><leader>00000cas a22000007a 4500</leader><controlfield tag="001">15390338</controlfield><controlfield tag="008">870328d19141939pauwr ne      0    0eng d</controlfield><datafield ind1=" " ind2=" " tag="010"><subfield code="a">sn 88079455 </subfield></datafield><datafield ind1=" " ind2=" " tag="040"><subfield code="a">NPH</subfield><subfield code="b">eng</subfield><subfield code="c">NPH</subfield><subfield code="d">OCLCQ</subfield></datafield><datafield ind1=" " ind2=" " tag="042"><subfield code="a">msc</subfield></datafield><datafield ind1="0" ind2=" " tag="130"><subfield code="a">Knox herald (Knox, Pa.)</subfield></datafield><datafield ind1="1" ind2="4" tag="245"><subfield code="a">The Knox herald.</subfield></datafield><datafield ind1=" " ind2=" " tag="260"><subfield code="a">Knox, Pa. :</subfield><subfield code="b">Norman C. Ball</subfield></datafield><datafield ind1=" " ind2=" " tag="300"><subfield code="a">v. :</subfield><subfield code="b">ill.</subfield></datafield><datafield ind1=" " ind2=" " tag="310"><subfield code="a">Weekly</subfield></datafield><datafield ind1="1" ind2=" " tag="362"><subfield code="a">Began in 1914? Ceased in 1939.</subfield><subfield code="z">Cf. Rossell, G.E., Pa. newspapers.</subfield></datafield><datafield ind1=" " ind2=" " tag="500"><subfield code="a">Publisher: Clarion Print. &amp; Pub. Co., &lt;1936&gt;.</subfield></datafield><datafield ind1=" " ind2=" " tag="580"><subfield code="a">Absorbed by: Clarion republican (Clarion, Pa. : 1899), Apr. 30, 1939.</subfield></datafield><datafield ind1=" " ind2=" " tag="588"><subfield code="a">Description based on: Vol. 10, no. 1 (Aug. 6, 1925).</subfield></datafield><datafield ind1=" " ind2=" " tag="752"><subfield code="a">United States</subfield><subfield code="b">Pennsylvania</subfield><subfield code="c">Clarion</subfield><subfield code="d">Knox.</subfield></datafield><datafield ind1="1" ind2="4" tag="785"><subfield code="t">Clarion republican (Clarion, Pa. : 1899)</subfield><subfield code="w">(DLC)sn 87080297</subfield></datafield></record>